<record><leader>00000cas a22000007a 4500</leader><controlfield tag="001">13641320</controlfield><controlfield tag="008">860523c19769999inudn ne      0   a0eng d</controlfield><datafield ind1=" " ind2=" " tag="010"><subfield code="a">sn 86058562 </subfield></datafield><datafield ind1=" " ind2=" " tag="040"><subfield code="a">NPI</subfield><subfield code="b">eng</subfield><subfield code="c">NPI</subfield><subfield code="d">NSD</subfield><subfield code="d">NPI</subfield><subfield code="d">IUL</subfield><subfield code="d">OCLCQ</subfield><subfield code="d">OCLCF</subfield></datafield><datafield ind1=" " ind2=" " tag="012"><subfield code="m">1</subfield></datafield><datafield ind1="1" ind2=" " tag="022"><subfield code="a">1040-3116</subfield><subfield code="l">1040-3116</subfield><subfield code="2">1</subfield></datafield><datafield ind1="1" ind2=" " tag="029"><subfield code="a">AU@</subfield><subfield code="b">000021316700</subfield></datafield><datafield ind1=" " ind2=" " tag="032"><subfield code="a">597580</subfield><subfield code="b">USPS</subfield></datafield><datafield ind1=" " ind2=" " tag="037"><subfield code="b">News-gazette, 224 W. Franklin St., Winchester, IN 47394</subfield></datafield><datafield ind1=" " ind2=" " tag="042"><subfield code="a">msc</subfield><subfield code="a">nsdp</subfield></datafield><datafield ind1=" " ind2=" " tag="043"><subfield code="a">n-us-in</subfield></datafield><datafield ind1="0" ind2=" " tag="130"><subfield code="a">News-gazette (Winchester, Ind. : 1976)</subfield></datafield><datafield ind1=" " ind2="0" tag="222"><subfield code="a">News-gazette</subfield><subfield code="b">(1976)</subfield></datafield><datafield ind1="1" ind2="4" tag="245"><subfield code="a">The news-gazette.</subfield></datafield><datafield ind1=" " ind2=" " tag="260"><subfield code="a">Winchester, Ind. :</subfield><subfield code="b">Gazette Pub. Co.,</subfield><subfield code="c">1976-</subfield></datafield><datafield ind1=" " ind2=" " tag="300"><subfield code="a">v. :</subfield><subfield code="b">ill. ;</subfield><subfield code="c">58 cm.</subfield></datafield><datafield ind1=" " ind2=" " tag="310"><subfield code="a">Daily (except Sunday, Christmas, and New Years Day)</subfield></datafield><datafield ind1="0" ind2=" " tag="362"><subfield code="a">Vol. 48, no. 171 (July 23, 1976)-</subfield></datafield><datafield ind1=" " ind2=" " tag="500"><subfield code="a">Issues for &lt;July 27, 1988-&gt; published by Park Newspapers of Winchester, Inc.; &lt;Sept. 18, 2007-&gt; by Leesa Friend.</subfield></datafield><datafield ind1=" " ind2=" " tag="500"><subfield code="a">Serves Winchester and Union City, Ind. as well as parts of Ohio; &lt;Sept. 18, 2007-&gt; serves Winchester, Union City, Ridgeville, Lynn, Modoc, Saratoga, Farmland, Parker City &amp; Losantville areas.</subfield></datafield><datafield ind1=" " ind2=" " tag="530"><subfield code="a">Also issued in an online version.</subfield></datafield><datafield ind1=" " ind2=" " tag="588"><subfield code="a">Latest issue consulted: Vol. 163, no. 220 (Spet. 18, 2007).</subfield></datafield><datafield ind1=" " ind2="0" tag="651"><subfield code="a">Winchester (Ind.)</subfield><subfield code="v">Newspapers.</subfield></datafield><datafield ind1=" " ind2="0" tag="651"><subfield code="a">Randolph County (Ind.)</subfield><subfield code="v">Newspapers.</subfield></datafield><datafield ind1=" " ind2="7" tag="655"><subfield code="a">Newspapers.</subfield><subfield code="2">fast</subfield><subfield code="0">(OCoLC)fst01423814</subfield></datafield><datafield ind1=" " ind2="7" tag="651"><subfield code="a">Indiana</subfield><subfield code="z">Randolph County.</subfield><subfield code="2">fast</subfield><subfield code="0">(OCoLC)fst01208877</subfield></datafield><datafield ind1=" " ind2="7" tag="651"><subfield code="a">Indiana</subfield><subfield code="z">Winchester.</subfield><subfield code="2">fast</subfield><subfield code="0">(OCoLC)fst01255182</subfield></datafield><datafield ind1=" " ind2=" " tag="752"><subfield code="a">United States</subfield><subfield code="b">Indiana</subfield><subfield code="c">Randolph</subfield><subfield code="d">Winchester.</subfield></datafield><datafield ind1="0" ind2="0" tag="780"><subfield code="t">News-gazette &amp; journal-herald</subfield><subfield code="w">(DLC)sn 86058561</subfield><subfield code="w">(OCoLC)13641151</subfield></datafield><datafield ind1="4" ind2="1" tag="856"><subfield code="u">http://www.winchesternewsgazette.com/</subfield></datafield></record>